\usepackage{url}

@misc{metodomontecarlo,
author = {React},
title = {Metodo Monte Carlo per il calcolo di pi greco},
year = {2016},
howpublished = {url{ http://www.reactconsulting.it/react-dev-blog/posts/2016/ottobre/metodo-monte-carlo-per-il-calcolo-di-pi-greco/}},
urldate = {30-10-2016}
}